<?xml version="1.0" encoding="UTF-8"?><collection xmlns="http://www.loc.gov/MARC21/slim"><record><leader>00599nam--2200181-i-4500</leader><controlfield tag="001">000011968</controlfield><controlfield tag="002">20161230</controlfield><controlfield tag="005">20161230201029</controlfield><controlfield tag="008">060222s1000------------r-----000-0-fre-d</controlfield><datafield ind1=" " ind2=" " tag="040"><subfield code="a">IFIN-HH</subfield></datafield><datafield ind1=" " ind2=" " tag="041"><subfield code="a">fre</subfield></datafield><datafield ind1=" " ind2=" " tag="080"><subfield code="a">538.913:538.958(043)</subfield></datafield><datafield ind1="1" ind2=" " tag="100"><subfield code="a">Cervais, Francois</subfield></datafield><datafield ind1="1" ind2="0" tag="245"><subfield code="a">Anharmonicite des modes de vibration infrafouge dans le quarts et quelques silicates: interactions phonon entre 300 et 1500 k</subfield><subfield code="b">These</subfield><subfield code="c">Francois gervais</subfield></datafield><datafield ind1=" " ind2=" " tag="260"><subfield code="a">Orleans</subfield><subfield code="b">Faculte Des Sciences De L'Universite D'Orleans</subfield><subfield code="c">1973</subfield></datafield><datafield ind1=" " ind2=" " tag="300"><subfield code="a">89 P</subfield></datafield><datafield ind1=" " ind2=" " tag="852"><subfield code="a">44164</subfield><subfield code="c">537:538</subfield></datafield><datafield ind1=" " ind2=" " tag="CAT"><subfield code="a">Sys</subfield><subfield code="c">20110621</subfield><subfield code="h">144748</subfield></datafield></record></collection>